% Encoding: UTF-8

@article{Adams_et_al2004,
   author = {Adams, D C and Rohlf, F J and Slice, D E},
   title = {Geometric morphometrics: ten years of progress following the 'revolution'},
   journal = {Italian Journal of Zoology},
   volume = {71},
   pages = {5--16},
   year = {2004},
}

@article{Adams_et_al2013,
   author = {Adams, D C and Rohlf, F J and Slice, D E},
   title = {A field comes of age: Geometric morphometrics in the 21st century},
   journal = {Hystrix},
   volume = {24},
   pages = {7--14},
   year = {2013},
}

@Article{Adams2013,
  author  = {Adams, D C},
  title   = {Comparing evolutionary rates for different phenotypic traits on a phylogeny using likelihood},
  journal = {Systematic Biology},
  year    = {2013},
  volume  = {62},
  number  = {2},
  pages   = {181--192},
}

@article{CollyerAdams2020,
author = {Collyer, M L and Adams, D C},
title = {Phylogenetically aligned component analysis},
journal = {Methods in Ecology and Evolution},
volume = {12},
number = {2},
pages = {359--372},
keywords = {multivariate, ordination, phylogenetic, principal component, singular value decomposition},
doi = {https://doi.org/10.1111/2041-210X.13515},
year = {2021}
}

@Manual{RCT,
  title        = {R: A Language and Environment for Statistical Computing. Version 4.2.1},
  author       = {{R Core Team}},
  organization = {R Foundation for Statistical Computing},
  address      = {Vienna, Austria},
  year         = {2022},
  url          = {https://www.R-project.org/},
}

@Article{Adams2014b,
  author  = {Adams, D C},
  journal = {Evolution},
  title   = {A method for assessing phylogenetic least squares models for shape and other high-dimensional multivariate data},
  year    = {2014},
  pages   = {2675--2688},
  volume  = {68},
}

@Article{Adams2016,
  author  = {Adams, D C},
  journal = {Methods in Ecology and Evolution},
  title   = {{Evaluating modularity in morphometric data: challenges with the RV coefficient and a new test measure}},
  year    = {2016},
  pages   = {565--572},
  volume  = {7},
}

@Article{AdamsOtarola2013,
  author  = {Adams, D C and Ot√°rola-Castillo, E},
  journal = {Methods in Ecology and Evolution},
  title   = {geomorph: an R package for the collection and analysis of geometric morphometric shape data},
  year    = {2013},
  pages   = {393--399},
  volume  = {4},
}

@Misc{AdamsGeomorph,
  author = {Adams, D C and Collyer, M L and Kaliontzopoulou, A and Baken, E K},
  title  = {Geomorph: Software for geometric morphometric analyses. R package version 4.0.3.},
  year   = {2022},
  url    = {https://cran.r-project.org/package=geomorph},
}

@Article{CollyerAdams2018,
  author  = {Collyer, M L and Adams, D C},
  title   = {RRPP: An R package for fitting linear models to high-dimensional data using residual randomization},
  journal = {Methods in Ecology and Evolution},
  year    = {2018},
  volume  = {9},
  pages   = {1772--1779},
}

@Article{Collyer_et_al2015,
  author  = {Collyer, M L and Sekora, D J and Adams, D C},
  title   = {A method for analysis of phenotypic change for phenotypes described by high-dimensional data},
  journal = {Heredity},
  year    = {2015},
  volume  = {115},
  number  = {4},
  pages   = {357--365},
}

@Article{Adams2014a,
  author  = {Adams, D C},
  journal = {Systematic Biology},
  title   = {{A generalized Kappa statistic for estimating phylogenetic signal from shape and other high-dimensional dultivariate data}},
  year    = {2014},
  pages   = {685--697},
  volume  = {63},
}

@Article{AdamsCollyer2018a,
  author  = {Adams, D C and Collyer, M L},
  journal = {Systematic biology},
  title   = {Multivariate phylogenetic comparative methods: evaluations, comparisons, and recommendations},
  year    = {2018},
  number  = {1},
  pages   = {14--31},
  volume  = {67},
  file    = {:AdamsCollyer2018a - Multivariate Phylogenetic Comparative Methods_ Evaluations, Comparisons, and Recommendations.pdf:PDF},
}

@Article{AdamsCollyer2018b,
  author  = {Adams, D C and Collyer, M L},
  journal = {Evolution},
  title   = {Phylogenetic ANOVA: Group-clade aggregation, biological challenges, and a refined permutation procedure},
  year    = {2018},
  number  = {6},
  pages   = {1204--1215},
  volume  = {72},
}

@Article{AdamsCollyer2019,
  author  = {Adams, D C and Collyer, M L},
  journal = {Annual Review of Ecology, Evolution, and Systematics},
  title   = {Phylogenetic Comparative Methods and the Evolution of Multivariate Phenotypes},
  year    = {2019},
  pages   = {405--425},
  volume  = {50},
}

@Article{AdamsCollyer2019b,
  author  = {Adams, D C and Collyer, M L},
  journal = {Evolution},
  title   = {Comparing the strength of modular signal, and evaluating alternative modular hypotheses, using covariance ratio effect sizes with morphometric data},
  year    = {2019},
  number  = {12},
  pages   = {2352--2367},
  volume  = {73},
}

@Article{AdamsFelice2014,
  author  = {Adams, D C and Felice, R N},
  journal = {PLoS ONE},
  title   = {Assessing trait covariation and morphological integration on phylogenies using evolutionary covariance matrices},
  year    = {2014},
  number  = {4},
  pages   = {e94335},
  volume  = {9},
  type    = {Journal Article},
}

@Article{AdamsCollyer2016,
  author  = {Adams, D C and Collyer, M L},
  journal = {Evolution},
  title   = {On the comparison of the strength of morphological integration across morphometric datasets},
  year    = {2016},
  pages   = {2623--2631},
  volume  = {70},
  type    = {Journal Article},
}

@Article{Adams2008,
  author  = {Adams, D C},
  journal = {Evolution},
  title   = {Phylogenetic meta-analysis},
  year    = {2008},
  pages   = {567--572},
  volume  = {62},
}

@Article{HANSEN2008,
  author  = {T. F. Hansen and D. Houle},
  title   = {Measuring and comparing evolvability and constraint in multivariate characters},
  journal = {Journal of Evolutionary Biology},
  year    = {2008},
  volume  = {21},
  pages   = {1201--1219},
  doi     = {10.1111/j.1420-9101.2008.01573.x},
}

@Article{Machado2019,
  author  = {Fabio A. Machado and Alex Hubbe and Diogo Melo and Arthur Porto and Gabriel Marroig},
  title   = {Measuring the magnitude of morphological integration: The effect of differences in morphometric representations and the inclusion of size},
  journal = {Evolution},
  year    = {2019},
  volume  = {73},
  pages   = {2518--2528},
  doi     = {10.1111/evo.13864},
  file    = {:C\:/Users/macon/Dropbox/IN PROGRESS/RelVE_Zscore_Simulation/RelVE_data_sim/RelVe-Simulation/papers/Machado et al. 2019.pdf:PDF},
}

@Article{Magwene2001,
  author  = {Paul M. Magwene},
  journal = {Evolution},
  title   = {New Tools for Studying Integration and Modularity},
  year    = {2001},
  month   = sep,
  number  = {9},
  pages   = {1734-1745},
  volume  = {55},
  file    = {:C\:/Users/macon/Dropbox/IN PROGRESS/RelVE_Zscore_Simulation/RelVE_data_sim/RelVe-Simulation/papers/Magwene 2001.pdf:PDF},
}

@Article{Porto2013,
  author    = {Arthur Porto and Leila Teruko Shirai and Felipe Bandoni de Oliveira and Gabriel Marroig},
  journal   = {Evolution},
  title     = {Size Variation, Growth Strategies, and the Evolution of Modularity in the Mammalian Skull},
  year      = {2013},
  month     = {jul},
  number    = {11},
  pages     = {3305--3322},
  volume    = {67},
  doi       = {10.1111/evo.12177},
  file      = {:C\:/Users/macon/Dropbox/IN PROGRESS/RelVE_Zscore_Simulation/RelVE_data_sim/RelVe-Simulation/papers/Porto et al 2013.pdf:PDF},
  publisher = {Wiley},
}

@Article{Shirai2010,
  author  = {Leila T. Shirai and Gabriel Marroig},
  title   = {Skull Modularity in Neotropical Marsupials and Monkeys: Size Variation and Evolutionary Constraint and Flexibility},
  journal = {Journal of Experimental Zoology},
  year    = {2010},
  volume  = {314B},
  pages   = {663--683},
  file    = {:C\:/Users/macon/Dropbox/IN PROGRESS/RelVE_Zscore_Simulation/RelVE_data_sim/RelVe-Simulation/papers/2010-JExpBiol-ShiraiMarroig-ICV-Integration.pdf:PDF},
}

@Article{Baken2021,
  author  = {Baken, E K and Collyer, M L and Kaliontzopoulou, A and Adams, D C},
  title   = {Geomorph 4.0 and gmShiny: Enhanced analytics and a new graphical interface for a comprehensive morphometric experience},
  journal = {Methods in Ecology and Evolution},
  year    = {2021},
  volume  = {12},
  pages   = {2355--2363},
}

@Article{Mitteroecker2007,
  author  = {Mitteroecker, P and Bookstein, F},
  journal = {Systematic Biology},
  title   = {The Conceptual and Statistical Relationship between Modularity and Morphological Integration},
  year    = {2007},
  number  = {5},
  pages   = {818--836},
  volume  = {56},
}

@Article{Adams2014,
  author  = {Adams, D C},
  title   = {Quantifying and Comparing Phylogenetic Evolutionary Rates for Shape and Other High-Dimensional Phenotypic Data},
  journal = {Systematic Biology},
  year    = {2014},
  volume  = {63},
  number  = {2},
  pages   = {166--177},
  doi     = {10.1093/sysbio/syt105},
}

@Article{Felsenstein1985,
  author  = {Felsenstein, J.},
  title   = {Phylogenies and the comparative method},
  journal = {American Naturalist},
  year    = {1985},
  volume  = {125},
  number  = {1},
  pages   = {1-15},
  type    = {Journal Article},
}

@Article{Collyer2022,
  author  = {Collyer, M L and Baken, E K and Adams, D C},
  title   = {A standardized effect size for evaluating and comparing the strength of phylogenetic signal},
  journal = {Methods in Ecology and Evolution},
  year    = {2022},
  volume  = {13},
  pages   = {(In Press)},
  doi     = {10.1111/2041-210x.13749},
}

@Article{Mitteroecker2005,
  author  = {Philipp Mitteroecker and Philipp Gunz and Fred L. Bookstein},
  title   = {Heterochrony and geometric morphometrics: a comparison of cranial growth in Pan paniscus versus Pan troglodytes},
  journal = {Evolution and Development},
  year    = {2005},
  volume  = {7},
  pages   = {244--258},
  doi     = {10.1111/j.1525-142x.2005.05027.x},
}

@Article{CollyerAdams2007,
  author  = {Collyer, M L and Adams, D C},
  title   = {Analysis of two-state multivariate phenotypic change in ecological studies},
  journal = {Ecology},
  year    = {2007},
  volume  = {88},
  pages   = {683-692},
  type    = {Journal Article},
}

@Article{AdamsCollyer2009,
  author  = {Adams, D C and Collyer, M L},
  title   = {A general framework for the analysis of phenotypic trajectories in evolutionary studies},
  journal = {Evolution},
  year    = {2009},
  volume  = {63},
  pages   = {1143-1154},
  type    = {Journal Article},
}

@Book{Simpson1944,
  title     = {Tempo and Mode in Evolution},
  publisher = {Columbia University Press},
  year      = {1944},
  author    = {Simpson, G. G.},
  address   = {New York},
}

@Article{Tejero-Cicuendez2021,
  author  = {H{\'{e}}ctor Tejero-Cicu{\'{e}}ndez and Marc Sim{\'{o}}-Riudalbas and Iris Men{\'{e}}ndez and Salvador Carranza},
  title   = {Ecological specialization, rather than the island effect, explains morphological diversification in an ancient radiation of geckos},
  journal = {Proceedings of the Royal Society B: Biological Sciences},
  year    = {2021},
  volume  = {288},
  number  = {1965},
  pages   = {20211821},
  doi     = {10.1098/rspb.2021.1821},
}

@Unpublished{PristurusData,
  author = {H{\'{e}}ctor Tejero-Cicu{\'{e}}ndez and Marc Sim{\'{o}}-Riudalbas and Iris Men{\'{e}}ndez and Salvador Carranza},
  title  = {Ecological specialization, rather than the island effect, explains morphological diversification in an ancient radiation of geckos. Dryad Digital Repository. (doi:10.5061/dryad.xwdbrv1f6)},
  year   = {2021},
}

@Article{Adams2010,
  author        = {Adams, D C},
  title         = {Parallel evolution of character displacement driven by competitive selection in terrestrial salamanders},
  journal       = {BMC Evolutionary Biology},
  year          = {2010},
  volume        = {10},
  number        = {216},
  pages         = {1--10},
  __markedentry = {[dcadams:6]},
  publisher     = {BioMed Central},
}

@Article{DrakeKlingenberg2008,
  author  = {Abby Grace Drake and Christian Peter Klingenberg},
  title   = {The pace of morphological change: historical transformation of skull shape in St Bernard dogs},
  journal = {Proceedings of the Royal Society B: Biological Sciences},
  year    = {2008},
  volume  = {275},
  pages   = {71--76},
  doi     = {10.1098/rspb.2007.1169},
}

@Article{Tejero-Cicuendez2022,
  author  = {H{\'{e}}ctor Tejero-Cicu{\'{e}}ndez and Austin H Patton and Daniel S Caetano and Ji{\v{r}}{\'{i}} {\v{S}}m{\'{i}}d and Luke J Harmon and Salvador Carranza},
  title   = {Reconstructing Squamate Biogeography in Afro-Arabia Reveals the Influence of a Complex and Dynamic Geologic Past},
  journal = {Systematic Biology},
  year    = {2022},
  volume  = {71},
  pages   = {261--272},
}

@Article{Freedman1983,
  author  = {David Freedman and David Lane},
  title   = {A Nonstochastic Interpretation of Reported Significance Levels},
  journal = {Journal of Business {\&} Economic Statistics},
  year    = {1983},
  volume  = {1},
  pages   = {292--298},
}

@Article{AdamsCollyer2007,
  author  = {Dean C. Adams and Michael L. Collyer},
  title   = {Analysis of character divergence along environmental gradiants and other covariates},
  journal = {Evolution},
  year    = {2007},
  volume  = {61},
  number  = {3},
  pages   = {510--515},
}

@Article{CollyerAdams2013,
  author  = {Michael L. Collyer and Dean C. Adams},
  title   = {Phenotypic trajectory analysis: comparison of shape change patterns in evolution and ecology},
  journal = {Hystrix},
  year    = {2013},
  volume  = {24},
  pages   = {75--83},
}

@Manual{RRPP,
  title        = {R: RRPP: linear model evaluation with randomized residuals in a permutation procedure. Vsn. 1.3.1},
  author       = {Michael L. Collyer and Dean C. Adams},
  organization = {R Foundation for Statistical Computing},
  address      = {Vienna, Austria},
  year         = {2022},
  url          = {https://CRAN.R-project.org/package=RRPP},
}

@Article{Rohlf2000,
  author  = {F. James Rohlf and Marco Corti},
  title   = {Use of two-block partial least-squares to study covariation in shape},
  journal = {Systematic Biology},
  year    = {2000},
  volume  = {49},
  pages   = {740--753},
}

@Article{KALIONTZOPOULOU2010,
  author  = {A. Kaliontzopoulou and M. A. Carretero and G. A. Llorente},
  title   = {Intraspecific ecomorphological variation: linear and geometric morphometrics reveal habitat-related patterns within \textit{{P}odarcis bocagei} wall lizards},
  journal = {Journal of Evolutionary Biology},
  year    = {2010},
  volume  = {23},
  pages   = {1234--1244},
}

@Article{COLLAR2010,
  author  = {D. C. Collar and J. A. Schulte and B. C. O'Meara and J. B. Losos},
  title   = {Habitat use affects morphological diversification in dragon lizards},
  journal = {Journal of Evolutionary Biology},
  year    = {2010},
  volume  = {23},
  pages   = {1033--1049},
}

@Article{Martinez2021,
  author  = {Christopher M. Martinez and Sarah T. Friedman and Katherine A. Corn and Olivier Larouche and Samantha A. Price and Peter C. Wainwright},
  title   = {The deep sea is a hot spot of fish body shape evolution},
  journal = {Ecology Letters},
  year    = {2021},
  volume  = {24},
  pages   = {1788--1799},
}

@Article{Kolmann2022,
  author  = {M A Kolmann and F P L Marques and J C Weaver and M N Dean and J P Fontenelle and N R Lovejoy},
  title   = {Ecological and Phenotypic Diversification after a Continental Invasion in Neotropical Freshwater Stingrays},
  journal = {Integrative and Comparative Biology},
  year    = {2022},
  volume  = {62},
  pages   = {424--440},
}

@Article{Kaliontzopoulou2015,
  author  = {A. Kaliontzopoulou and M. A. Carretero and D. C. Adams},
  title   = {Ecomorphological variation in male and female wall lizards and the macroevolution of sexual dimorphism in relation to habitat use},
  journal = {Journal of Evolutionary Biology},
  year    = {2015},
  volume  = {28},
  pages   = {80--94},
}

@Article{Price2015,
  author  = {S. A. Price and S. T. Friedman and P. C. Wainwright},
  title   = {How predation shaped fish: the impact of fin spines on body form evolution across teleosts},
  journal = {Proceedings of the Royal Society B: Biological Sciences},
  year    = {2015},
  volume  = {282},
  pages   = {20151428},
}

@Article{Losos1992,
  author  = {Losos, J B},
  title   = {The evolution of convergent structure in {C}aribbean \textit{{A}nolis} communities},
  journal = {Systematic Biology},
  year    = {1992},
  volume  = {41},
  pages   = {403--420},
}

@Article{Schluter1992,
  author  = {Dolph Schluter and John Donald McPhail},
  title   = {Ecological Character Displacement and Speciation in Sticklebacks},
  journal = {The American Naturalist},
  year    = {1992},
  volume  = {140},
  pages   = {85--108},
}

@Article{AdamsNistri2010,
  author        = {Adams, D C and Nistri, Annamaria},
  title         = {Ontogenetic convergence and evolution of foot morphology in European cave salamanders (Family: Plethodontidae)},
  journal       = {BMC Evolutionary Biology},
  year          = {2010},
  volume        = {10},
  number        = {72},
  pages         = {1--10},
  __markedentry = {[dcadams:6]},
  publisher     = {BioMed Central},
}

@Article{Arnold1983,
  author  = {Arnold, S J},
  title   = {Morphology, performance, fitness},
  journal = {American Zoologist},
  year    = {1983},
  volume  = {23},
  pages   = {347--361},
}

@Article{Mahler2013,
  author  = {D. Luke Mahler and Travis Ingram and Liam J. Revell and Jonathan B. Losos},
  title   = {Exceptional convergence on the macroevolutionary landscape in island lizard radiations},
  journal = {Science},
  year    = {2013},
  volume  = {341},
  pages   = {292--295},
}

@Book{Losos2009,
  title     = {Lizards in an evolutionary tree: Ecology and adaptive radiation of Anoles},
  publisher = {University of California Press},
  year      = {2009},
  author    = {Losos, J B},
}

@Article{Reaney2020,
  author  = {Ashley M. Reaney and Yanis Bouchenak-Khelladi and Joseph A. Tobias and Arkhat Abzhanov},
  title   = {Ecological and morphological determinants of evolutionary diversification in Darwin{\textquotesingle}s finches and their relatives},
  journal = {Ecology and Evolution},
  year    = {2020},
  volume  = {10},
  pages   = {14020--14032},
}

@Article{Grant2006,
  author  = {Peter R. Grant and B. Rosemary Grant},
  title   = {Evolution of Character Displacement in Darwin's Finches},
  journal = {Science},
  year    = {2006},
  volume  = {313},
  pages   = {224--226},
}

@Article{Schluter1984,
  author  = {Dolph Schluter and Peter R. Grant},
  title   = {Determinants of Morphological Patterns in Communities of Darwin{\textquotesingle}s Finches},
  journal = {The American Naturalist},
  year    = {1984},
  volume  = {123},
  pages   = {175--196},
}

@Article{Urban2022,
  author  = {Sabine Urban and Jan Gerwin and C. Darrin Hulsey and Axel Meyer and Claudius F. Kratochwil},
  title   = {The repeated evolution of stripe patterns is correlated with body morphology in the adaptive radiations of East African cichlid fishes},
  journal = {Ecology and Evolution},
  year    = {2022},
  volume  = {12},
  pages   = {e8568},
}

@Article{Albertson2001,
  author  = {R. Craig Albertson and Thomas D. Kocher},
  title   = {Assessing morphological differences in an adaptive trait: A landmark-based morphometric approach},
  journal = {Journal of Experimental Zoology},
  year    = {2001},
  volume  = {289},
  pages   = {385--403},
}

@Article{BERNER2008,
  author  = {D. Berner and D. C. Adams and A.-C. Grandchamp and A. P. Hendry},
  title   = {Natural selection drives patterns of lake-stream divergence in stickleback foraging morphology},
  journal = {Journal of Evolutionary Biology},
  year    = {2008},
  volume  = {21},
  pages   = {1653--1665},
}

@Article{Jastrebski2004,
  author  = {Jastrebski, C. J. and Robinson, B. W.},
  title   = {Natural selection and the evolution of replicated trophic polymorphisms in pumpkinseed sunfish (\textit{{L}epomis gibbosus})},
  journal = {Evolutionary Ecology Research},
  year    = {2004},
  volume  = {6},
  pages   = {285--305},
}

@Article{Stuart2017,
  author  = {Yoel E. Stuart and Thor Veen and Jesse N. Weber and Dieta Hanson and Mark Ravinet and Brian K. Lohman and Cole J. Thompson and Tania Tasneem and Andrew Doggett and Rebecca Izen and Newaz Ahmed and Rowan D. H. Barrett and Andrew P. Hendry and Catherine L. Peichel and Daniel I. Bolnick},
  title   = {Contrasting effects of environment and genetics generate a continuum of parallel evolution},
  journal = {Nature Ecology and Evolution},
  year    = {2017},
  volume  = {1},
  pages   = {158},
}

@Article{Felice2018,
  author  = {Ryan N. Felice and Marcela Randau and Anjali Goswami},
  title   = {A fly in a tube: Macroevolutionary expectations for integrated phenotypes},
  journal = {Evolution},
  year    = {2018},
  volume  = {72},
  pages   = {2580--2594},
}

@Article{Klingenberg2013,
  author  = {Christian Peter Klingenberg and Jes{\'{u}}s Marug{\'{a}}n-Lob{\'{o}}n},
  title   = {Evolutionary Covariation in Geometric Morphometric Data: Analyzing Integration, Modularity, and Allometry in a Phylogenetic Context},
  journal = {Systematic Biology},
  year    = {2013},
  volume  = {62},
  pages   = {591--610},
}

@Article{Wagner2011,
  author  = {G√ºnter P. Wagner and Jianzhi Zhang},
  title   = {The pleiotropic structure of the genotype{\textendash}phenotype map: the evolvability of complex organisms},
  journal = {Nature Reviews Genetics},
  year    = {2011},
  volume  = {12},
  pages   = {204--213},
}

@Article{Renaud2011,
  author  = {Sabrina Renaud and Sophie Pantalacci and Jean-Christophe Auffray},
  title   = {Differential Evolvability Along Lines of Least Resistance of Upper and Lower Molars in Island House Mice},
  journal = {PLoS ONE},
  year    = {2011},
  volume  = {6},
  pages   = {e18951},
}

@Article{Schluter1996,
  author  = {Schluter, D.},
  title   = {Adaptive radiation along genetic lines of least resistance},
  journal = {Evolution},
  year    = {1996},
  volume  = {50},
  pages   = {1766--1774},
}

@Article{Goswami2016,
  author  = {Goswami, Anjali and Randau, Marcela and Polly, P. D. and Weisbecker, Vera and Verity Bennett, C. and Hautier, Lionel and S{\'{a}}nchez-Villagra, Marcelo R.},
  title   = {Do Developmental Constraints and High Integration Limit the Evolution of the Marsupial Oral Apparatus?},
  journal = {Integrative and Comparative Biology},
  year    = {2016},
  volume  = {56},
  number  = {3},
  pages   = {404--415},
  doi     = {10.1093/icb/icw039},
}

@Article{Goswami2014,
  author  = {Goswami, Anjali and Smaers, J. B. and Soligo, C. and Polly, P. D.},
  title   = {The macroevolutionary consequences of phenotypic integration: from development to deep time},
  journal = {Philosophical Transactions of the Royal Society B: Biological Sciences},
  year    = {2014},
  volume  = {369},
  number  = {1649},
  pages   = {20130254},
  doi     = {10.1098/rstb.2013.0254},
}

@Article{Wagner1996,
  author  = {Wagner, GP and Altenberg, L},
  title   = {Perspective: Complex Adaptations and the Evolution of Evolvability},
  journal = {Evolution},
  year    = {1996},
  volume  = {50},
  number  = {3},
  pages   = {967--976},
}

@Article{Bookstein2022,
  author  = {Fred L. Bookstein},
  title   = {Dimensions of Morphological Integration},
  journal = {Evolutionary Biology},
  year    = {2022},
  volume  = {49},
  pages   = {342--372},
}

@Article{Jolicoeur1963,
  author  = {Jolicoeur, P.},
  title   = {The multivariate generalization of the allometry equation},
  journal = {Biometrics},
  year    = {1963},
  volume  = {19},
  pages   = {497--499},
}

@Article{ConawayAdams2022,
  author  = {Mark A. Conaway and Dean C. Adams},
  title   = {An effect size for comparing the strength of morphological integration across studies},
  journal = {Evolution},
  year    = {2022},
  volume  = {76},
  pages   = {(In Press)},
  doi     = {10.1111/evo.14595},
}

@Article{Pavlicev2009,
  author  = {Mihaela Pavlicev and James M. Cheverud and G√ºnter P. Wagner},
  title   = {Measuring Morphological Integration Using Eigenvalue Variance},
  journal = {Evolutionary Biology},
  year    = {2009},
  volume  = {36},
  pages   = {157--170},
  doi     = {10.1007/s11692-008-9042-7},
}

@Article{Mosimann1970,
  author  = {James E. Mosimann},
  title   = {Size Allometry: Size and Shape Variables with Characterizations of the Lognormal and Generalized Gamma Distributions},
  journal = {Journal of the American Statistical Association},
  year    = {1970},
  volume  = {65},
  pages   = {930--945},
}

@Article{Navalon2020,
  title={The consequences of craniofacial integration for the adaptive radiations of Darwin‚Äôs finches and Hawaiian honeycreepers},
  author={Naval{\'o}n, Guillermo and Marug{\'a}n-Lob{\'o}n, Jes{\'u}s and Bright, Jen A and Cooney, Christopher R and Rayfield, Emily J},
  journal={Nature Ecology \& Evolution},
  volume={4},
  number={2},
  pages={270--278},
  year={2020},
  publisher={Nature Publishing Group}
}

@Comment{jabref-meta: databaseType:bibtex;}
