% Encoding: UTF-8

@Article{Adams_et_al2004,
  author  = {Adams, D C and Rohlf, F J and Slice, D E},
  title   = {Geometric morphometrics: ten years of progress following the 'revolution'},
  journal = {Italian Journal of Zoology},
  year    = {2004},
  volume  = {71},
  pages   = {5--16},
  doi     = {10.1080/11250000409356545},
}

@Article{Adams_et_al2013,
  author  = {Adams, D C and Rohlf, F J and Slice, D E},
  title   = {A field comes of age: Geometric morphometrics in the 21st century},
  journal = {Hystrix},
  year    = {2013},
  volume  = {24},
  pages   = {7--14},
  doi     = {10.4404/hystrix-24.1-6283},
}

@Article{Adams2013,
  author  = {Adams, D C},
  title   = {Comparing evolutionary rates for different phenotypic traits on a phylogeny using likelihood},
  journal = {Systematic Biology},
  year    = {2013},
  volume  = {62},
  number  = {2},
  pages   = {181--192},
  doi     = {10.1093/sysbio/sys083},
}

@article{CollyerAdams2020,
author = {Collyer, M L and Adams, D C},
title = {Phylogenetically aligned component analysis},
journal = {Methods in Ecology and Evolution},
volume = {12},
number = {2},
pages = {359--372},
keywords = {multivariate, ordination, phylogenetic, principal component, singular value decomposition},
doi = {https://doi.org/10.1111/2041-210X.13515},
year = {2021}
}

@Manual{RCT,
  title        = {R: A Language and Environment for Statistical Computing. Version 4.2.1},
  author       = {{R Core Team}},
  organization = {R Foundation for Statistical Computing},
  address      = {Vienna, Austria},
  year         = {2022},
  url          = {https://www.R-project.org/},
}

@Article{Adams2014b,
  author  = {Adams, D C},
  title   = {A method for assessing phylogenetic least squares models for shape and other high-dimensional multivariate data},
  journal = {Evolution},
  year    = {2014},
  volume  = {68},
  pages   = {2675--2688},
  doi     = {10.1111/evo.12463},
}

@Article{Adams2016,
  author  = {Adams, D C},
  title   = {Evaluating modularity in morphometric data: challenges with the RV coefficient and a new test measure},
  journal = {Methods in Ecology and Evolution},
  year    = {2016},
  volume  = {7},
  pages   = {565--572},
  doi     = {10.1111/2041-210X.12511},
}

@Article{AdamsOtarola2013,
  author  = {Adams, D C and Ot√°rola-Castillo, E},
  title   = {geomorph: an R package for the collection and analysis of geometric morphometric shape data},
  journal = {Methods in Ecology and Evolution},
  year    = {2013},
  volume  = {4},
  pages   = {393--399},
  doi     = {10.1111/2041-210X.12035},
}

@Misc{AdamsGeomorph,
  author = {Adams, D C and Collyer, M L and Kaliontzopoulou, A and Baken, E K},
  title  = {Geomorph: Software for geometric morphometric analyses. R package version 4.0.3.},
  year   = {2022},
  url    = {https://cran.r-project.org/package=geomorph},
}

@Article{CollyerAdams2018,
  author  = {Collyer, M L and Adams, D C},
  title   = {RRPP: An {R} package for fitting linear models to high-dimensional data using residual randomization},
  journal = {Methods in Ecology and Evolution},
  year    = {2018},
  volume  = {9},
  pages   = {1772--1779},
  doi     = {10.1111/2041-210X.13029},
}

@Article{Collyer_et_al2015,
  author  = {Collyer, M L and Sekora, D J and Adams, D C},
  title   = {A method for analysis of phenotypic change for phenotypes described by high-dimensional data},
  journal = {Heredity},
  year    = {2015},
  volume  = {115},
  number  = {4},
  pages   = {357--365},
  doi     = {10.1038/hdy.2014.75},
}

@Article{Adams2014a,
  author  = {Adams, D C},
  title   = {A generalized Kappa statistic for estimating phylogenetic signal from shape and other high-dimensional multivariate data},
  journal = {Systematic Biology},
  year    = {2014},
  volume  = {63},
  pages   = {685--697},
  doi     = {10.1093/sysbio/syu030},
}

@Article{AdamsCollyer2018a,
  author  = {Adams, D C and Collyer, M L},
  title   = {Multivariate phylogenetic comparative methods: evaluations, comparisons, and recommendations},
  journal = {Systematic biology},
  year    = {2018},
  volume  = {67},
  number  = {1},
  pages   = {14--31},
  doi     = {10.1093/sysbio/syx055},
}

@Article{AdamsCollyer2018b,
  author  = {Adams, D C and Collyer, M L},
  title   = {Phylogenetic ANOVA: Group-clade aggregation, biological challenges, and a refined permutation procedure},
  journal = {Evolution},
  year    = {2018},
  volume  = {72},
  number  = {6},
  pages   = {1204--1215},
  doi     = {10.1111/evo.13492},
}

@Article{AdamsCollyer2019,
  author  = {Adams, D C and Collyer, M L},
  title   = {Phylogenetic Comparative Methods and the Evolution of Multivariate Phenotypes},
  journal = {Annual Review of Ecology, Evolution, and Systematics},
  year    = {2019},
  volume  = {50},
  pages   = {405--425},
  doi     = {10.1146/annurev-ecolsys-110218-024555},
}

@Article{AdamsCollyer2019b,
  author  = {Adams, D C and Collyer, M L},
  title   = {Comparing the strength of modular signal, and evaluating alternative modular hypotheses, using covariance ratio effect sizes with morphometric data},
  journal = {Evolution},
  year    = {2019},
  volume  = {73},
  number  = {12},
  pages   = {2352--2367},
  doi     = {10.1111/evo.13867},
}

@Article{AdamsFelice2014,
  author  = {Adams, D C and Felice, R N},
  title   = {Assessing trait covariation and morphological integration on phylogenies using evolutionary covariance matrices},
  journal = {PLoS ONE},
  year    = {2014},
  volume  = {9},
  number  = {4},
  pages   = {e94335},
  doi     = {10.1371/journal.pone.0094335},
  type    = {Journal Article},
}

@Article{AdamsCollyer2016,
  author  = {Adams, D C and Collyer, M L},
  title   = {On the comparison of the strength of morphological integration across morphometric datasets},
  journal = {Evolution},
  year    = {2016},
  volume  = {70},
  pages   = {2623--2631},
  doi     = {10.1111/evo.13045},
  type    = {Journal Article},
}

@Article{Adams2008,
  author  = {Adams, D C},
  title   = {Phylogenetic meta-analysis},
  journal = {Evolution},
  year    = {2008},
  volume  = {62},
  pages   = {567--572},
  doi     = {10.1111/j.1558-5646.2007.00314.x},
}

@Article{HANSEN2008,
  author  = {T. F. Hansen and D. Houle},
  title   = {Measuring and comparing evolvability and constraint in multivariate characters},
  journal = {Journal of Evolutionary Biology},
  year    = {2008},
  volume  = {21},
  pages   = {1201--1219},
  doi     = {10.1111/j.1420-9101.2008.01573.x},
}

@Article{Machado2019,
  author  = {Fabio A. Machado and Alex Hubbe and Diogo Melo and Arthur Porto and Gabriel Marroig},
  title   = {Measuring the magnitude of morphological integration: The effect of differences in morphometric representations and the inclusion of size},
  journal = {Evolution},
  year    = {2019},
  volume  = {73},
  pages   = {2518--2528},
  doi     = {10.1111/evo.13864},
  file    = {:C\:/Users/macon/Dropbox/IN PROGRESS/RelVE_Zscore_Simulation/RelVE_data_sim/RelVe-Simulation/papers/Machado et al. 2019.pdf:PDF},
}

@Article{Porto2013,
  author    = {Arthur Porto and Leila Teruko Shirai and Felipe Bandoni de Oliveira and Gabriel Marroig},
  journal   = {Evolution},
  title     = {Size Variation, Growth Strategies, and the Evolution of Modularity in the Mammalian Skull},
  year      = {2013},
  month     = {jul},
  number    = {11},
  pages     = {3305--3322},
  volume    = {67},
  doi       = {10.1111/evo.12177},
  file      = {:C\:/Users/macon/Dropbox/IN PROGRESS/RelVE_Zscore_Simulation/RelVE_data_sim/RelVe-Simulation/papers/Porto et al 2013.pdf:PDF},
  publisher = {Wiley},
}

@Article{Shirai2010,
  author  = {Leila T. Shirai and Gabriel Marroig},
  title   = {Skull Modularity in Neotropical Marsupials and Monkeys: Size Variation and Evolutionary Constraint and Flexibility},
  journal = {Journal of Experimental Zoology},
  year    = {2010},
  volume  = {314B},
  pages   = {663--683},
  doi     = {10.1002/jez.b.21367},
}

@Article{Baken2021,
  author  = {Baken, E K and Collyer, M L and Kaliontzopoulou, A and Adams, D C},
  title   = {Geomorph 4.0 and gmShiny: Enhanced analytics and a new graphical interface for a comprehensive morphometric experience},
  journal = {Methods in Ecology and Evolution},
  year    = {2021},
  volume  = {12},
  pages   = {2355--2363},
  doi     = {10.1111/2041-210X.13723},
}

@Article{Mitteroecker2007,
  author  = {Mitteroecker, P and Bookstein, F},
  title   = {The Conceptual and Statistical Relationship between Modularity and Morphological Integration},
  journal = {Systematic Biology},
  year    = {2007},
  volume  = {56},
  number  = {5},
  pages   = {818--836},
  doi     = {10.1080/10635150701648029},
}

@Article{Adams2014,
  author  = {Adams, D C},
  title   = {Quantifying and Comparing Phylogenetic Evolutionary Rates for Shape and Other High-Dimensional Phenotypic Data},
  journal = {Systematic Biology},
  year    = {2014},
  volume  = {63},
  number  = {2},
  pages   = {166--177},
  doi     = {10.1093/sysbio/syt105},
}

@Article{Felsenstein1985,
  author  = {Felsenstein, J.},
  title   = {Phylogenies and the comparative method},
  journal = {American Naturalist},
  year    = {1985},
  volume  = {125},
  number  = {1},
  pages   = {1-15},
  doi     = {10.1086/284325},
  type    = {Journal Article},
}

@Article{Collyer2022,
  author  = {Collyer, M L and Baken, E K and Adams, D C},
  title   = {A standardized effect size for evaluating and comparing the strength of phylogenetic signal},
  journal = {Methods in Ecology and Evolution},
  year    = {2022},
  volume  = {13},
  pages   = {(In Press)},
  doi     = {10.1111/2041-210x.13749},
}

@Article{Mitteroecker2005,
  author  = {Philipp Mitteroecker and Philipp Gunz and Fred L. Bookstein},
  title   = {Heterochrony and geometric morphometrics: a comparison of cranial growth in Pan paniscus versus Pan troglodytes},
  journal = {Evolution and Development},
  year    = {2005},
  volume  = {7},
  pages   = {244--258},
  doi     = {10.1111/j.1525-142x.2005.05027.x},
}

@Article{CollyerAdams2007,
  author  = {Collyer, M L and Adams, D C},
  title   = {Analysis of two-state multivariate phenotypic change in ecological studies},
  journal = {Ecology},
  year    = {2007},
  volume  = {88},
  pages   = {683-692},
  doi     = {10.1890/06-0727},
  type    = {Journal Article},
}

@Article{AdamsCollyer2009,
  author  = {Adams, D C and Collyer, M L},
  title   = {A general framework for the analysis of phenotypic trajectories in evolutionary studies},
  journal = {Evolution},
  year    = {2009},
  volume  = {63},
  pages   = {1143-1154},
  doi     = {10.1111/j.1558-5646.2009.00649.x},
  type    = {Journal Article},
}

@Book{Simpson1944,
  title     = {Tempo and Mode in Evolution},
  publisher = {Columbia University Press},
  year      = {1944},
  author    = {Simpson, G. G.},
  address   = {New York},
}

@Article{Tejero-Cicuendez2021,
  author  = {H{\'{e}}ctor Tejero-Cicu{\'{e}}ndez and Marc Sim{\'{o}}-Riudalbas and Iris Men{\'{e}}ndez and Salvador Carranza},
  title   = {Ecological specialization, rather than the island effect, explains morphological diversification in an ancient radiation of geckos},
  journal = {Proceedings of the Royal Society B: Biological Sciences},
  year    = {2021},
  volume  = {288},
  number  = {1965},
  pages   = {20211821},
  doi     = {10.1098/rspb.2021.1821},
}

@Unpublished{PristurusData,
  author = {H{\'{e}}ctor Tejero-Cicu{\'{e}}ndez and Marc Sim{\'{o}}-Riudalbas and Iris Men{\'{e}}ndez and Salvador Carranza},
  title  = {Ecological specialization, rather than the island effect, explains morphological diversification in an ancient radiation of geckos. Dryad Digital Repository. (doi:10.5061/dryad.xwdbrv1f6)},
  year   = {2021},
}

@Article{Adams2010,
  author        = {Adams, D C},
  title         = {Parallel evolution of character displacement driven by competitive selection in terrestrial salamanders},
  journal       = {BMC Evolutionary Biology},
  year          = {2010},
  volume        = {10},
  number        = {216},
  pages         = {1--10},
  __markedentry = {[dcadams:6]},
  doi           = {10.1186/1471-2148-10-72},
  publisher     = {BioMed Central},
}

@Article{DrakeKlingenberg2008,
  author  = {Abby Grace Drake and Christian Peter Klingenberg},
  title   = {The pace of morphological change: historical transformation of skull shape in {S}t {B}ernard dogs},
  journal = {Proceedings of the Royal Society B: Biological Sciences},
  year    = {2008},
  volume  = {275},
  pages   = {71--76},
  doi     = {10.1098/rspb.2007.1169},
}

@Article{Tejero-Cicuendez2022,
  author  = {H{\'{e}}ctor Tejero-Cicu{\'{e}}ndez and Austin H Patton and Daniel S Caetano and Ji{\v{r}}{\'{i}} {\v{S}}m{\'{i}}d and Luke J Harmon and Salvador Carranza},
  title   = {Reconstructing Squamate Biogeography in {A}fro-{A}rabia Reveals the Influence of a Complex and Dynamic Geologic Past},
  journal = {Systematic Biology},
  year    = {2022},
  volume  = {71},
  pages   = {261--272},
}

@Article{Freedman1983,
  author  = {David Freedman and David Lane},
  title   = {A Nonstochastic Interpretation of Reported Significance Levels},
  journal = {Journal of Business {\&} Economic Statistics},
  year    = {1983},
  volume  = {1},
  pages   = {292--298},
  doi     = {10.2307/1391660},
}

@Article{AdamsCollyer2007,
  author  = {Dean C. Adams and Michael L. Collyer},
  title   = {Analysis of character divergence along environmental gradiants and other covariates},
  journal = {Evolution},
  year    = {2007},
  volume  = {61},
  number  = {3},
  pages   = {510--515},
  doi     = {10.1111/j.1558-5646.2007.00063.x},
}

@Article{CollyerAdams2013,
  author  = {Michael L. Collyer and Dean C. Adams},
  title   = {Phenotypic trajectory analysis: comparison of shape change patterns in evolution and ecology},
  journal = {Hystrix},
  year    = {2013},
  volume  = {24},
  pages   = {75--83},
  doi     = {10.4404/hystrix-24.1-6298},
}

@Manual{RRPP,
  title        = {R: RRPP: linear model evaluation with randomized residuals in a permutation procedure. Vsn. 1.3.2},
  author       = {Michael L. Collyer and Dean C. Adams},
  organization = {R Foundation for Statistical Computing},
  address      = {Vienna, Austria},
  year         = {2022},
  url          = {https://CRAN.R-project.org/package=RRPP},
}

@Article{Rohlf2000,
  author  = {F. James Rohlf and Marco Corti},
  title   = {Use of two-block partial least-squares to study covariation in shape},
  journal = {Systematic Biology},
  year    = {2000},
  volume  = {49},
  pages   = {740--753},
  doi     = {10.1080/106351500750049806},
}

@Article{KALIONTZOPOULOU2010,
  author  = {A. Kaliontzopoulou and M. A. Carretero and G. A. Llorente},
  title   = {Intraspecific ecomorphological variation: linear and geometric morphometrics reveal habitat-related patterns within \textit{{P}odarcis bocagei} wall lizards},
  journal = {Journal of Evolutionary Biology},
  year    = {2010},
  volume  = {23},
  pages   = {1234--1244},
  doi     = {10.1111/j.1420-9101.2010.01984.x},
}

@Article{COLLAR2010,
  author  = {D. C. Collar and J. A. Schulte and B. C. O'Meara and J. B. Losos},
  title   = {Habitat use affects morphological diversification in dragon lizards},
  journal = {Journal of Evolutionary Biology},
  year    = {2010},
  volume  = {23},
  pages   = {1033--1049},
  doi     = {10.1111/j.1420-9101.2010.01971.x},
}

@Article{Martinez2021,
  author  = {Christopher M. Martinez and Sarah T. Friedman and Katherine A. Corn and Olivier Larouche and Samantha A. Price and Peter C. Wainwright},
  title   = {The deep sea is a hot spot of fish body shape evolution},
  journal = {Ecology Letters},
  year    = {2021},
  volume  = {24},
  pages   = {1788--1799},
  doi     = {10.1111/ele.13785},
}

@Article{Kolmann2022,
  author  = {M A Kolmann and F P L Marques and J C Weaver and M N Dean and J P Fontenelle and N R Lovejoy},
  title   = {Ecological and Phenotypic Diversification after a Continental Invasion in Neotropical Freshwater Stingrays},
  journal = {Integrative and Comparative Biology},
  year    = {2022},
  volume  = {62},
  pages   = {424--440},
  doi     = {10.1093/icb/icac019},
}

@Article{Kaliontzopoulou2015,
  author  = {A. Kaliontzopoulou and M. A. Carretero and D. C. Adams},
  title   = {Ecomorphological variation in male and female wall lizards and the macroevolution of sexual dimorphism in relation to habitat use},
  journal = {Journal of Evolutionary Biology},
  year    = {2015},
  volume  = {28},
  pages   = {80--94},
  doi     = {10.1111/jeb.12540},
}

@Article{Price2015,
  author  = {S. A. Price and S. T. Friedman and P. C. Wainwright},
  title   = {How predation shaped fish: the impact of fin spines on body form evolution across teleosts},
  journal = {Proceedings of the Royal Society B: Biological Sciences},
  year    = {2015},
  volume  = {282},
  pages   = {20151428},
  doi     = {10.1098/rspb.2015.1428},
}

@Article{Losos1992,
  author  = {Losos, J B},
  title   = {The evolution of convergent structure in {C}aribbean \textit{{A}nolis} communities},
  journal = {Systematic Biology},
  year    = {1992},
  volume  = {41},
  pages   = {403--420},
  doi     = {10.1093/sysbio/41.4.403},
}

@Article{Schluter1992,
  author  = {Dolph Schluter and John Donald McPhail},
  title   = {Ecological Character Displacement and Speciation in Sticklebacks},
  journal = {The American Naturalist},
  year    = {1992},
  volume  = {140},
  pages   = {85--108},
  doi     = {10.1086/285404},
}

@Article{AdamsNistri2010,
  author        = {Adams, D C and Nistri, Annamaria},
  title         = {Ontogenetic convergence and evolution of foot morphology in {E}uropean cave salamanders ({F}amily: {P}lethodontidae)},
  journal       = {BMC Evolutionary Biology},
  year          = {2010},
  volume        = {10},
  number        = {72},
  pages         = {1--10},
  __markedentry = {[dcadams:6]},
  doi           = {10.1186/1471-2148-10-216},
  publisher     = {BioMed Central},
}

@Article{Arnold1983,
  author  = {Arnold, S J},
  title   = {Morphology, performance, fitness},
  journal = {American Zoologist},
  year    = {1983},
  volume  = {23},
  pages   = {347--361},
  doi     = {10.1093/icb/23.2.347},
}

@Article{Mahler2013,
  author  = {D. Luke Mahler and Travis Ingram and Liam J. Revell and Jonathan B. Losos},
  title   = {Exceptional convergence on the macroevolutionary landscape in island lizard radiations},
  journal = {Science},
  year    = {2013},
  volume  = {341},
  pages   = {292--295},
  doi     = {10.1126/science.1232392},
}

@Book{Losos2009,
  title     = {Lizards in an evolutionary tree: Ecology and adaptive radiation of Anoles},
  publisher = {University of California Press},
  year      = {2009},
  author    = {Losos, J B},
}

@Article{Reaney2020,
  author  = {Ashley M. Reaney and Yanis Bouchenak-Khelladi and Joseph A. Tobias and Arkhat Abzhanov},
  title   = {Ecological and morphological determinants of evolutionary diversification in {D}arwin{\textquotesingle}s finches and their relatives},
  journal = {Ecology and Evolution},
  year    = {2020},
  volume  = {10},
  pages   = {14020--14032},
  doi     = {10.1002/ece3.6994},
}

@Article{Grant2006,
  author  = {Peter R. Grant and B. Rosemary Grant},
  title   = {Evolution of Character Displacement in Darwin's Finches},
  journal = {Science},
  year    = {2006},
  volume  = {313},
  pages   = {224--226},
  doi     = {10.1126/science.1128374},
}

@Article{Schluter1984,
  author  = {Dolph Schluter and Peter R. Grant},
  title   = {Determinants of Morphological Patterns in Communities of {D}arwin{\textquotesingle}s Finches},
  journal = {The American Naturalist},
  year    = {1984},
  volume  = {123},
  pages   = {175--196},
  doi     = {10.1086/284196},
}

@Article{Urban2022,
  author  = {Sabine Urban and Jan Gerwin and C. Darrin Hulsey and Axel Meyer and Claudius F. Kratochwil},
  title   = {The repeated evolution of stripe patterns is correlated with body morphology in the adaptive radiations of {E}ast {A}frican cichlid fishes},
  journal = {Ecology and Evolution},
  year    = {2022},
  volume  = {12},
  pages   = {e8568},
  doi     = {10.1002/ece3.8568},
}

@Article{Albertson2001,
  author  = {R. Craig Albertson and Thomas D. Kocher},
  title   = {Assessing morphological differences in an adaptive trait: A landmark-based morphometric approach},
  journal = {Journal of Experimental Zoology},
  year    = {2001},
  volume  = {289},
  pages   = {385--403},
  doi     = {10.1002/jez.1020},
}

@Article{BERNER2008,
  author  = {D. Berner and D. C. Adams and A.-C. Grandchamp and A. P. Hendry},
  title   = {Natural selection drives patterns of lake-stream divergence in stickleback foraging morphology},
  journal = {Journal of Evolutionary Biology},
  year    = {2008},
  volume  = {21},
  pages   = {1653--1665},
  doi     = {10.1111/j.1420-9101.2008.01583.x},
}

@Article{Jastrebski2004,
  author  = {Jastrebski, C. J. and Robinson, B. W.},
  title   = {Natural selection and the evolution of replicated trophic polymorphisms in pumpkinseed sunfish (\textit{{L}epomis gibbosus})},
  journal = {Evolutionary Ecology Research},
  year    = {2004},
  volume  = {6},
  pages   = {285--305},
}

@Article{Stuart2017,
  author  = {Yoel E. Stuart and Thor Veen and Jesse N. Weber and Dieta Hanson and Mark Ravinet and Brian K. Lohman and Cole J. Thompson and Tania Tasneem and Andrew Doggett and Rebecca Izen and Newaz Ahmed and Rowan D. H. Barrett and Andrew P. Hendry and Catherine L. Peichel and Daniel I. Bolnick},
  title   = {Contrasting effects of environment and genetics generate a continuum of parallel evolution},
  journal = {Nature Ecology and Evolution},
  year    = {2017},
  volume  = {1},
  pages   = {158},
  doi     = {10.1038/s41559-017-0158},
}

@Article{Felice2018,
  author  = {Ryan N. Felice and Marcela Randau and Anjali Goswami},
  title   = {A fly in a tube: Macroevolutionary expectations for integrated phenotypes},
  journal = {Evolution},
  year    = {2018},
  volume  = {72},
  pages   = {2580--2594},
  doi     = {10.1111/evo.13608},
}

@Article{Klingenberg2013,
  author  = {Christian Peter Klingenberg and Jes{\'{u}}s Marug{\'{a}}n-Lob{\'{o}}n},
  title   = {Evolutionary Covariation in Geometric Morphometric Data: Analyzing Integration, Modularity, and Allometry in a Phylogenetic Context},
  journal = {Systematic Biology},
  year    = {2013},
  volume  = {62},
  pages   = {591--610},
  doi     = {10.1093/sysbio/syt025},
}

@Article{Wagner2011,
  author  = {G√ºnter P. Wagner and Jianzhi Zhang},
  title   = {The pleiotropic structure of the genotype{\textendash}phenotype map: the evolvability of complex organisms},
  journal = {Nature Reviews Genetics},
  year    = {2011},
  volume  = {12},
  pages   = {204--213},
  doi     = {10.1038/nrg2949},
}

@Article{Renaud2011,
  author  = {Sabrina Renaud and Sophie Pantalacci and Jean-Christophe Auffray},
  title   = {Differential Evolvability Along Lines of Least Resistance of Upper and Lower Molars in Island House Mice},
  journal = {PLoS ONE},
  year    = {2011},
  volume  = {6},
  pages   = {e18951},
  doi     = {10.1371/journal.pone.0018951},
}

@Article{Schluter1996,
  author  = {Schluter, D.},
  title   = {Adaptive radiation along genetic lines of least resistance},
  journal = {Evolution},
  year    = {1996},
  volume  = {50},
  pages   = {1766--1774},
  doi     = {10.1111/j.1558-5646.1996.tb03563.x},
}

@Article{Goswami2016,
  author  = {Goswami, Anjali and Randau, Marcela and Polly, P. D. and Weisbecker, Vera and Verity Bennett, C. and Hautier, Lionel and S{\'{a}}nchez-Villagra, Marcelo R.},
  title   = {Do Developmental Constraints and High Integration Limit the Evolution of the Marsupial Oral Apparatus?},
  journal = {Integrative and Comparative Biology},
  year    = {2016},
  volume  = {56},
  number  = {3},
  pages   = {404--415},
  doi     = {10.1093/icb/icw039},
}

@Article{Goswami2014,
  author  = {Goswami, Anjali and Smaers, J. B. and Soligo, C. and Polly, P. D.},
  title   = {The macroevolutionary consequences of phenotypic integration: from development to deep time},
  journal = {Philosophical Transactions of the Royal Society B: Biological Sciences},
  year    = {2014},
  volume  = {369},
  number  = {1649},
  pages   = {20130254},
  doi     = {10.1098/rstb.2013.0254},
}

@Article{Wagner1996,
  author  = {Wagner, GP and Altenberg, L},
  title   = {Perspective: Complex Adaptations and the Evolution of Evolvability},
  journal = {Evolution},
  year    = {1996},
  volume  = {50},
  number  = {3},
  pages   = {967--976},
  doi     = {10.1111/j.1558-5646.1996.tb02339.x},
}

@Article{Bookstein2022,
  author  = {Fred L. Bookstein},
  title   = {Dimensions of Morphological Integration},
  journal = {Evolutionary Biology},
  year    = {2022},
  volume  = {49},
  pages   = {342--372},
  doi     = {10.1007/s11692-022-09574-0},
}

@Article{Jolicoeur1963,
  author  = {Jolicoeur, P.},
  title   = {The multivariate generalization of the allometry equation},
  journal = {Biometrics},
  year    = {1963},
  volume  = {19},
  pages   = {497--499},
  doi     = {10.2307/2527939},
}

@Article{ConawayAdams2022,
  author  = {Mark A. Conaway and Dean C. Adams},
  title   = {An effect size for comparing the strength of morphological integration across studies},
  journal = {Evolution},
  year    = {2022},
  volume  = {76},
  pages   = {2244--2259},
  doi     = {10.1111/evo.14595},
}

@Article{Pavlicev2009,
  author  = {Mihaela Pavlicev and James M. Cheverud and G√ºnter P. Wagner},
  title   = {Measuring Morphological Integration Using Eigenvalue Variance},
  journal = {Evolutionary Biology},
  year    = {2009},
  volume  = {36},
  pages   = {157--170},
  doi     = {10.1007/s11692-008-9042-7},
}

@Article{Mosimann1970,
  author  = {James E. Mosimann},
  title   = {Size Allometry: Size and Shape Variables with Characterizations of the Lognormal and Generalized Gamma Distributions},
  journal = {Journal of the American Statistical Association},
  year    = {1970},
  volume  = {65},
  pages   = {930--945},
  doi     = {10.1080/01621459.1970.10481136},
}

@Article{Navalon2020,
  author    = {Naval{\'o}n, Guillermo and Marug{\'a}n-Lob{\'o}n, Jes{\'u}s and Bright, Jen A and Cooney, Christopher R and Rayfield, Emily J},
  title     = {The consequences of craniofacial integration for the adaptive radiations of {D}arwin‚Äôs finches and {H}awaiian honeycreepers},
  journal   = {Nature Ecology \& Evolution},
  year      = {2020},
  volume    = {4},
  number    = {2},
  pages     = {270--278},
  doi       = {10.1038/s41559-019-1092-y},
  publisher = {Nature Publishing Group},
}

@Article{MarroigCheverud2005,
  author  = {Gabriel Marroig and James M. Cheverud},
  title   = {Size as a line of least evolutionary resistance: Diet and adaptive morphological radiation in {N}ew {W}orld Monkeys},
  journal = {Evolution},
  year    = {2005},
  volume  = {59},
  pages   = {1128--1142},
  doi     = {10.1111/j.0014-3820.2005.tb01049.x},
}

@Article{Firmat2014,
  author  = {Cyril Firmat and Ivan Lozano-Fern{\'{a}}ndez and Jordi Agust{\'{i}} and Geir H. Bolstad and Gloria Cuenca-Besc{\'{o}}s and Thomas F. Hansen and Christophe P{\'{e}}labon},
  title   = {Walk the line: 600000 years of molar evolution constrained by allometry in the fossil rodent \textit{{M}imomys savini}},
  journal = {Philosophical Transactions of the Royal Society B: Biological Sciences},
  year    = {2014},
  volume  = {369},
  number  = {1649},
  pages   = {20140057},
  doi     = {10.1098/rstb.2014.0057},
}

@Article{Voje2014,
  author  = {Kjetil L. Voje and Thomas F. Hansen and Camilla K. Egset and Geir H. Bolstad and Christophe P{\'{e}}labon},
  title   = {Allometric constraints and the evolution of allometry},
  journal = {Evolution},
  year    = {2014},
  volume  = {68},
  pages   = {866--885},
  doi     = {10.1111/evo.12312},
}

@Article{Brombacher2017,
  author  = {Anieke Brombacher and Paul A. Wilson and Ian Bailey and Thomas H. G. Ezard},
  title   = {The breakdown of static and evolutionary allometries during climatic upheaval},
  journal = {The American Naturalist},
  year    = {2017},
  volume  = {190},
  pages   = {350--362},
  doi     = {10.1086/692570},
}

@Article{Marcy2020,
  author  = {Ariel E. Marcy and Thomas Guillerme and Emma Sherratt and Kevin C. Rowe and Matthew J. Phillips and Vera Weisbecker},
  title   = {Australian Rodents Reveal Conserved Cranial Evolutionary Allometry across 10 Million Years of Murid Evolution},
  journal = {The American Naturalist},
  year    = {2020},
  volume  = {196},
  pages   = {755--768},
  doi     = {10.1086/711398},
}

@Article{Voje2022,
  author  = {Kjetil L. Voje and Michael A. Bell and Yoel E. Stuart},
  title   = {Evolution of static allometry and constraint on evolutionary allometry in a fossil stickleback},
  journal = {Journal of Evolutionary Biology},
  year    = {2022},
  volume  = {35},
  pages   = {423--438},
  doi     = {10.1111/jeb.13984},
}

@Article{Pelabon2014,
  author  = {Christophe P{\'{e}}labon and Geir H. Bolstad and Camilla K. Egset and James M. Cheverud and Mihaela Pavlicev and Gunilla Rosenqvist},
  title   = {On the Relationship between Ontogenetic and Static Allometry},
  journal = {The American Naturalist},
  year    = {2014},
  volume  = {181},
  pages   = {195--212},
  doi     = {10.1086/668820},
}

@Article{Lande1979,
  author  = {Lande, R.},
  title   = {Quantitative genetic analysis of multivariate evolution, applied to brain-body size allometry},
  journal = {Evolution},
  year    = {1979},
  volume  = {33},
  pages   = {402--416},
  doi     = {10.2307/2407630},
}

@InBook{Lande1985,
  chapter   = {Genetic and evolutionary aspects of allometry},
  pages     = {21--32},
  title     = {Size and scaling in primate biology},
  publisher = {Plenum Press},
  year      = {1985},
  author    = {Lande, R.},
  editor    = {W. L. Jungers},
}

@Article{Klingenberg1992,
  author  = {Christian Peter Klingenberg and Manfred Zimmermann},
  title   = {Static, Ontogenetic, and Evolutionary Allometry: A Multivariate Comparison in Nine Species of Water Striders},
  journal = {American Naturalist},
  year    = {1992},
  volume  = {140},
  pages   = {601--620},
  doi     = {10.1086/285430},
}

@Article{Meiri2008,
  author  = {Shai Meiri},
  title   = {Evolution and ecology of lizard body sizes},
  journal = {Global Ecology and Biogeography},
  year    = {2008},
  volume  = {17},
  pages   = {724--734},
  doi     = {10.1111/j.1466-8238.2008.00414.x},
}

@Article{James2004,
  author  = {Sarah E. James and Robert T. M'closkey},
  title   = {Patterns of body size and habitat use in a lizard assemblage},
  journal = {Ecoscience},
  year    = {2004},
  volume  = {11},
  pages   = {160--167},
  doi     = {10.1080/11956860.2004.11682820},
}

@Article{Revell2012,
  author  = {Liam J. Revell},
  title   = {phytools: An {R} package for phylogenetic comparative biology (and other things)},
  journal = {Methods in Ecology and Evolution},
  year    = {2012},
  volume  = {3},
  pages   = {217-223},
  doi     = {10.1111/j.2041-210X.2011.00169.x},
}

@Article{Wickham2019,
    title = {Welcome to the {tidyverse}},
    author = {Hadley Wickham and Mara Averick and Jennifer Bryan and Winston Chang and Lucy D'Agostino McGowan and Romain Fran√ßois and Garrett Grolemund and Alex Hayes and Lionel Henry and Jim Hester and Max Kuhn and Thomas Lin Pedersen and Evan Miller and Stephan Milton Bache and Kirill M√ºller and Jeroen Ooms and David Robinson and Dana Paige Seidel and Vitalie Spinu and Kohske Takahashi and Davis Vaughan and Claus Wilke and Kara Woo and Hiroaki Yutani},
    year = {2019},
    journal = {Journal of Open Source Software},
    volume = {4},
    number = {43},
    pages = {1686},
    doi = {10.21105/joss.01686},
  }

  @Article{Bergmann1847,
  title={{\"U}ber Die Verhaltnisse Der Warmeokonomie Der Thiere Zu Ihrer Grosse},
  author={Bergmann, Carl},
  journal={G{\"o}ttinger Studien},
  volume={1},
  pages={595--708},
  year={1847},
}

@Article{Calder1983,
  author  = {Calder, William A},
  title   = {Ecological scaling: mammals and birds},
  journal = {Annual Review of Ecology and Systematics},
  year    = {1983},
  volume  = {14},
  pages   = {213--230},
  doi     = {10.1146/annurev.es.14.110183.001241},
}

@book{Peters1983,
title = {The Ecological Implications of Body Size},
author = {Peters, Robert Henry},
publisher = {Cambridge University Press},
year = {1983},
}

@Article{LaBarbera1989,
  author  = {LaBarbera, Michael},
  title   = {Analyzing Body Size as a Factor in Ecology and Evolution},
  journal = {Annual Review of Ecology and Systematics},
  year    = {1989},
  volume  = {20},
  pages   = {97--117},
  doi     = {10.1146/annurev.es.20.110189.000525},
}

@Article{Olson2009,
  author  = {Olson, Val{\'{e}}rie A. and Davies, Richard G. and Orme, C. David L. and Thomas, Gavin H. and Meiri, Shai and Blackburn, Tim M. and Gaston, Kevin J. and Owens, Ian P.F. and Bennett, Peter M.},
  title   = {Global biogeography and ecology of body size in birds},
  journal = {Ecology Letters},
  year    = {2009},
  volume  = {12},
  pages   = {249--259},
  doi     = {10.1111/j.1461-0248.2009.01281.x},
}

@Article{Tamar2019,
  author  = {Karin Tamar and Pelagia Mitsi and Marc Sim{\'{o}}-Riudalbas and H{\'{e}}ctor Tejero-Cicu{\'{e}}ndez and Thuraya Al-Sariri and Salvador Carranza},
  title   = {Systematics, biogeography, and evolution of \textit{{P}risturus minimus} ({S}quamata, {S}phaerodactylidae) with the discovery of the smallest {A}rabian vertebrate},
  journal = {Systematics and Biodiversity},
  year    = {2019},
  volume  = {17},
  pages   = {349--366},
  doi     = {10.1080/14772000.2019.1614694},
}

@Article{Baken2021a,
  author  = {Erica K. Baken and Lauren E. Mellenthin and Dean C. Adams},
  title   = {Is salamander arboreality limited by broad-scale climatic conditions?},
  journal = {PLoS ONE},
  year    = {2021},
  volume  = {16},
  number  = {8},
  pages   = {e0255393},
  doi     = {10.1371/journal.pone.0255393},
}

@Article{Baken2019,
  author  = {Erica K. Baken and Dean C. Adams},
  title   = {Macroevolution of arboreality in salamanders},
  journal = {Ecology and Evolution},
  year    = {2019},
  volume  = {9},
  pages   = {7005--7016},
  doi     = {10.1002/ece3.5267},
}

@article{Goodman2008,
author = {Goodman, Brett A. and Miles, Donald B. and Schwarzkopf, Lin},
title = {{Life on the rocks: Habitat use drives morphological and performance evolution in lizards}},
journal = {Ecology},
year = {2008},
volume = {89},
number = {12},
pages = {3462--3471},
doi = {10.1890/07-2093.1},
}

@article{Foster2018,
author = {Foster, Kathleen L. and Garland, Theodore and Schmitz, Lars and Higham, Timothy E.},
title = {{Skink ecomorphology: Forelimb and hind limb lengths, but not static stability, correlate with habitat use and demonstrate multiple solutions}},
journal = {Biological Journal of the Linnean Society},
year = {2018},
volume = {125},
number = {4},
pages = {673--692},
doi = {10.1093/biolinnean/bly146},
}

@article{Busschau2022,
author = {Busschau, Theo and Boissinot, Stephane},
title = {{Habitat determines convergent evolution of cephalic horns in vipers}},
journal = {Biological Journal of the Linnean Society},
year = {2022},
volume = {135},
number = {4},
pages = {652--664},
doi = {10.1093/biolinnean/blac008},
}

@article{HipsleyMuller2017,
author = {Hipsley, Christy A. and M{\"{u}}ller, Johannes},
title = {{Developmental dynamics of ecomorphological convergence in a transcontinental lizard radiation}},
journal = {Evolution},
year = {2017},
volume = {71},
number = {4},
pages = {936--948},
doi = {10.1111/evo.13186},
}

@article{Watanabe2019,
author = {Watanabe, Akinobu and Fabre, Anne Claire and Felice, Ryan N. and Maisano, Jessica A. and M{\"{u}}ller, Johannes and Herrel, Anthony and Goswami, Anjali},
title = {{Ecomorphological diversification in squamates from conserved pattern of cranial integration}},
journal = {Proceedings of the National Academy of Sciences of the United States of America},
year = {2019},
volume = {116},
number = {29},
pages = {14688--14697},
doi = {10.1073/pnas.1820967116},
}

@article{Reynolds2016,
author = {Reynolds, R. Graham and Collar, David C. and Pasachnik, Stesha A. and Niemiller, Matthew L. and Puente-Rol{\'{o}}n, Alberto R. and Revell, Liam J.},
title = {{Ecological specialization and morphological diversification in {G}reater {A}ntillean boas}},
journal = {Evolution},
year = {2016},
volume = {70},
number = {8},
pages = {1882--1895},
doi = {10.1111/evo.12987},
}

@article{Navalon2022,
author = {Naval{\'{o}}n, Guillermo and Bjarnason, Alexander and Griffiths, Elizabeth and Benson, Roger B.J.},
title = {{Environmental signal in the evolutionary diversification of bird skeletons}},
journal = {Nature},
year = {2022},
volume = {611},
number = {7935},
pages = {306--311},
doi = {10.1038/s41586-022-05372-y},
}

@article{SamuelsHopkins2017,
author = {Samuels, Joshua X. and Hopkins, Samantha S.B.},
title = {{The impacts of {C}enozoic climate and habitat changes on small mammal diversity of {N}orth {A}merica}},
journal = {Global and Planetary Change},
year = {2017},
volume = {149},
pages = {36--52},
doi = {10.1016/j.gloplacha.2016.12.014},
}

@article{Friedman2022,
author = {Friedman, S. T. and Collyer, M. L. and Price, S. A. and Wainwright, P. C.},
title = {{Divergent Processes Drive Parallel Evolution in Marine and Freshwater Fishes}},
journal = {Systematic biology},
year = {2022},
volume = {71},
number = {6},
pages = {1319--1330},
doi = {10.1093/sysbio/syab080},
}

@Article{Garcia-Porta2017,
  author  = {Joan Garcia-Porta and Marc Sim{\'{o}}-Riudalbas and Michael Robinson and Salvador Carranza},
  title   = {Diversification in arid mountains: biogeography and cryptic diversity of \textit{{P}risturus rupestris rupestris} in {A}rabia},
  journal = {Journal of Biogeography},
  year    = {2017},
  volume  = {44},
  pages   = {1694--1704},
  doi     = {10.1111/jbi.12929},
}

@Article{Klingenberg2016,
  author  = {Christian Peter Klingenberg},
  title   = {Size, shape, and form: concepts of allometry in geometric morphometrics},
  journal = {Development Genes and Evolution},
  year    = {2016},
  volume  = {226},
  pages   = {113--137},
  doi     = {10.1007/s00427-016-0539-2},
}

@Article{Sidlauskas2008,
  author  = {Sidlauskas, B.},
  title   = {Continuous and arrested morphological diversification in sister clades of characiform fishes: a phylomorphospace approach},
  journal = {Evolution},
  year    = {2008},
  volume  = {62},
  pages   = {3135-3156},
  doi     = {10.1111/j.1558-5646.2008.00519.x},
}

@Article{ARNOLD2009,
  author  = {E. N. Arnold},
  title   = {Relationships, evolution and biogeography of Semaphore geckos, \textit{{P}risturus} ({S}quamata, {S}phaerodactylidae) based on morphology},
  journal = {Zootaxa},
  year    = {2009},
  volume  = {2060},
  pages   = {1--21},
  doi     = {10.11646/zootaxa.2060.1.1},
}

@Article{Arnold1993,
  author  = {E. N. Arnold},
  title   = {Historical changes in the ecology and behaviour of semaphore geckos (\textit{{P}risturus}, {G}ekkonidae) and their relatives},
  journal = {Journal of Zoology},
  year    = {1993},
  volume  = {229},
  pages   = {353--384},
  doi     = {10.1111/j.1469-7998.1993.tb02642.x},
}

@Article{Losos2009b,
  author = {Losos, Jonathan B. and Ricklefs, Robert E.},
  title = {Adaptation and Diversification on Islands},
  journal = {Nature},
  year = {2009},
  volume = {457},
  number = {7231},
  pages = {830--836},
  issn = {00280836},
  doi = {10.1038/nature07893},
}


@Comment{jabref-meta: databaseType:bibtex;}
